@inproceedings{wingate2011lightweight,
  title={Lightweight implementations of probabilistic programming languages via transformational compilation},
  author={Wingate, David and Stuhlm{\"u}ller, Andreas and Goodman, Noah D},
  booktitle={International Conference on Artificial Intelligence and Statistics},
  pages={770--778},
  year={2011}
}

@inproceedings{wingate2011nonstandard,
  title={Nonstandard Interpretations of Probabilistic Programs for Efficient Inference.},
  author={Wingate, David and Goodman, Noah D and Stuhlmueller, Andreas and Siskind, Jeffrey Mark},
  booktitle={NIPS},
  pages={1152--1160},
  year={2011}
}

@inproceedings{goodman2013principles,
  title={The principles and practice of probabilistic programming},
  author={Goodman, Noah D},
  booktitle={ACM SIGPLAN Notices},
  volume={48},
  number={1},
  pages={399--402},
  year={2013},
  organization={ACM}
}

@article{church,
  title={Church: a language for generative models},
  author={Goodman, Noah and Mansinghka, Vikash and Roy, Daniel and Bonawitz, Keith and Tarlow, Daniel},
  journal={arXiv preprint arXiv:1206.3255},
  year={2012}
}

@article{bugs,
  title={WinBUGS-a Bayesian modelling framework: concepts, structure, and extensibility},
  author={Lunn, David J and Thomas, Andrew and Best, Nicky and Spiegelhalter, David},
  journal={Statistics and computing},
  volume={10},
  number={4},
  pages={325--337},
  year={2000},
  publisher={Springer}
}

@article{andrieu2003introduction,
  title={An introduction to MCMC for machine learning},
  author={Andrieu, Christophe and De Freitas, Nando and Doucet, Arnaud and Jordan, Michael I},
  journal={Machine learning},
  volume={50},
  number={1-2},
  pages={5--43},
  year={2003},
  publisher={Springer}
}

@inproceedings{factorie,
  title={FACTORIE: Probabilistic Programming via Imperatively Defined Factor Graphs.},
  author={McCallum, Andrew and Schultz, Karl and Singh, Sameer},
  booktitle={NIPS},
  pages={1249--1257},
  year={2009}
}

@article{infernet,
  title={Using Infer. NET for statistical analyses},
  author={Wang, Shen SJ and Wand, Matt P},
  year={2011}
}

@article{dimple,
  title={Accelerating Inference: towards a full Language, Compiler and Hardware stack},
  author={Hershey, Shawn and Bernstein, Jeff and Bradley, Bill and Schweitzer, Andrew and Stein, Noah and Weber, Theo and Vigoda, Ben},
  journal={arXiv preprint arXiv:1212.2991},
  year={2012}
}

@inproceedings{gordon2013model,
  title={A model-learner pattern for Bayesian reasoning},
  author={Gordon, Andrew D and Aizatulin, Mihhail and Borgstrom, Johannes and Claret, Guillaume and Graepel, Thore and Nori, Aditya V and Rajamani, Sriram K and Russo, Claudio},
  booktitle={ACM SIGPLAN Notices},
  volume={48},
  number={1},
  pages={403--416},
  year={2013},
  organization={ACM}
}

@inproceedings{swig,
  title={SWIG: An easy to use tool for integrating scripting languages with C and C++},
  author={Beazley, David M and others},
  booktitle={Proceedings of the 4th USENIX Tcl/Tk workshop},
  pages={129--139},
  year={1996}
}

@book{pgm,
  title={Probabilistic graphical models: principles and techniques},
  author={Koller, Daphne and Friedman, Nir},
  year={2009},
  publisher={MIT press}
}